<record><leader>00000cas a2200000 a 4500</leader><controlfield tag="001">13084539</controlfield><controlfield tag="008">860130d18521852ohuwr ne      0    0eng  </controlfield><datafield ind1=" " ind2=" " tag="010"><subfield code="a">sn 86071053 </subfield></datafield><datafield ind1=" " ind2=" " tag="040"><subfield code="a">DLC</subfield><subfield code="b">eng</subfield><subfield code="c">DLC</subfield><subfield code="d">ONP</subfield><subfield code="d">OCL</subfield><subfield code="d">NVF</subfield><subfield code="d">OCLCO</subfield><subfield code="d">OCLCQ</subfield><subfield code="d">OCLCF</subfield></datafield><datafield ind1="1" ind2=" " tag="029"><subfield code="a">AU@</subfield><subfield code="b">000025831285</subfield></datafield><datafield ind1=" " ind2=" " tag="042"><subfield code="a">pcc</subfield></datafield><datafield ind1=" " ind2=" " tag="043"><subfield code="a">n-us-oh</subfield></datafield><datafield ind1="0" ind2="0" tag="050"><subfield code="a">Newspaper</subfield></datafield><datafield ind1="0" ind2="0" tag="245"><subfield code="a">Democratic union sentinel.</subfield></datafield><datafield ind1=" " ind2=" " tag="260"><subfield code="a">Canfield, Ohio :</subfield><subfield code="b">An Association,</subfield><subfield code="c">1852.</subfield></datafield><datafield ind1=" " ind2=" " tag="300"><subfield code="a">v.</subfield></datafield><datafield ind1=" " ind2=" " tag="310"><subfield code="a">Weekly</subfield></datafield><datafield ind1="0" ind2=" " tag="362"><subfield code="a">Vol. 1, no. 1 (Mar. 26, 1852)-v. 1, no. 35 (Nov. 23, 1852).</subfield></datafield><datafield ind1=" " ind2="0" tag="651"><subfield code="a">Canfield (Ohio)</subfield><subfield code="v">Newspapers.</subfield></datafield><datafield ind1=" " ind2="0" tag="651"><subfield code="a">Mahoning County (Ohio)</subfield><subfield code="v">Newspapers.</subfield></datafield><datafield ind1=" " ind2="7" tag="655"><subfield code="a">Newspapers.</subfield><subfield code="2">fast</subfield><subfield code="0">(OCoLC)fst01423814</subfield></datafield><datafield ind1=" " ind2="7" tag="651"><subfield code="a">Ohio</subfield><subfield code="z">Canfield.</subfield><subfield code="2">fast</subfield><subfield code="0">(OCoLC)fst01281708</subfield></datafield><datafield ind1=" " ind2="7" tag="651"><subfield code="a">Ohio</subfield><subfield code="z">Mahoning County.</subfield><subfield code="2">fast</subfield><subfield code="0">(OCoLC)fst01207166</subfield></datafield><datafield ind1=" " ind2=" " tag="752"><subfield code="a">United States</subfield><subfield code="b">Ohio</subfield><subfield code="c">Mahoning</subfield><subfield code="d">Canfield.</subfield></datafield><datafield ind1="0" ind2="7" tag="785"><subfield code="t">Ohio Republican (Youngstown, Ohio)</subfield><subfield code="w">(DLC)sn 84028451</subfield></datafield><datafield ind1="0" ind2="7" tag="785"><subfield code="t">Republican sentinel (Canfield, Ohio)</subfield><subfield code="w">(DLC)sn 84028452</subfield></datafield></record>